<marc:record xmlns:marc="http://www.loc.gov/MARC21/slim" xmlns:xsi="http://www.w3.org/2001/XMLSchema-instance" xsi:schemaLocation="http://www.loc.gov/MARC21/slim http://www.loc.gov/standards/marcxml/schema/MARC21slim.xsd">
  <marc:leader>     nam a2200301 a 45M</marc:leader>
  <marc:controlfield tag="001">001592504</marc:controlfield>
  <marc:controlfield tag="003">NNU</marc:controlfield>
  <marc:controlfield tag="005">20061010170941.0</marc:controlfield>
  <marc:controlfield tag="008">000224s1967    iq       b    000 0 arax </marc:controlfield>
  <marc:datafield tag="010" ind1=" " ind2=" ">
    <marc:subfield code="a">NE 68003396</marc:subfield>
  </marc:datafield>
  <marc:datafield tag="035" ind1="9" ind2=" ">
    <marc:subfield code="a">NYUb12105017</marc:subfield>
  </marc:datafield>
  <marc:datafield tag="035" ind1=" " ind2=" ">
    <marc:subfield code="a">(CStRLIN)NYUG00-B673</marc:subfield>
  </marc:datafield>
  <marc:datafield tag="040" ind1=" " ind2=" ">
    <marc:subfield code="c">NN</marc:subfield>
    <marc:subfield code="d">NN</marc:subfield>
    <marc:subfield code="d">NNU</marc:subfield>
  </marc:datafield>
  <marc:datafield tag="050" ind1="0" ind2=" ">
    <marc:subfield code="a">BP130.4</marc:subfield>
    <marc:subfield code="b">.Q57 1967</marc:subfield>
  </marc:datafield>
  <marc:datafield tag="066" ind1=" " ind2=" ">
    <marc:subfield code="c">(3</marc:subfield>
  </marc:datafield>
  <marc:datafield tag="090" ind1=" " ind2=" ">
    <marc:subfield code="a">BP130.4</marc:subfield>
    <marc:subfield code="b">.Q57 1967</marc:subfield>
  </marc:datafield>
  <marc:datafield tag="100" ind1="1" ind2=" ">
    <marc:subfield code="a">Qummī, ʻAlī ibn Ibrāhīm,</marc:subfield>
    <marc:subfield code="d">10th cent.</marc:subfield>
    <marc:subfield code="6">01</marc:subfield>
  </marc:datafield>
  <marc:datafield tag="100" ind1="1" ind2=" ">
    <marc:subfield code="6">01</marc:subfield>
    <marc:subfield code="a">قمي، علي بن ابراهيم.</marc:subfield>
  </marc:datafield>
  <marc:datafield tag="245" ind1="1" ind2="0">
    <marc:subfield code="6">02</marc:subfield>
    <marc:subfield code="a">Tafsīr al-Qummī /</marc:subfield>
    <marc:subfield code="c">li-Abī al-Ḥasan ʻAlī ibn Ibrāhīm al-Qummī ; ṣaḥḥaḥahu wa-ʻallaqa ʻalayhi wa-qaddama lahu Ṭayyib al-Mūsawī al-Jazāʼirī.</marc:subfield>
  </marc:datafield>
  <marc:datafield tag="245" ind1="1" ind2="0">
    <marc:subfield code="6">02</marc:subfield>
    <marc:subfield code="a">تفسير القمي /</marc:subfield>
    <marc:subfield code="c">لأبي الحسن علي ابراهيم القمي ؛ صححه وعلق عليه وقدم اه طيب الموسوي الجزائري.</marc:subfield>
  </marc:datafield>
  <marc:datafield tag="260" ind1=" " ind2=" ">
    <marc:subfield code="6">03</marc:subfield>
    <marc:subfield code="a">al-Najaf :</marc:subfield>
    <marc:subfield code="b">Maktabat al-Hudá,</marc:subfield>
    <marc:subfield code="c">1386-1387 [1967]</marc:subfield>
  </marc:datafield>
  <marc:datafield tag="260" ind1=" " ind2=" ">
    <marc:subfield code="6">03</marc:subfield>
    <marc:subfield code="a">النجف :</marc:subfield>
    <marc:subfield code="b">مكتبة الهدى،</marc:subfield>
    <marc:subfield code="c">١٣٨٦-١٣٨٧.</marc:subfield>
  </marc:datafield>
  <marc:datafield tag="300" ind1=" " ind2=" ">
    <marc:subfield code="a">2 v. ;</marc:subfield>
    <marc:subfield code="c">25 cm.</marc:subfield>
  </marc:datafield>
  <marc:datafield tag="500" ind1=" " ind2=" ">
    <marc:subfield code="a">In Arabic.</marc:subfield>
  </marc:datafield>
  <marc:datafield tag="504" ind1=" " ind2=" ">
    <marc:subfield code="a">Bibliographical footnotes.</marc:subfield>
  </marc:datafield>
  <marc:datafield tag="630" ind1="0" ind2="0">
    <marc:subfield code="a">Koran</marc:subfield>
    <marc:subfield code="v">Commentaries</marc:subfield>
    <marc:subfield code="v">Early works to 1800.</marc:subfield>
  </marc:datafield>
  <marc:datafield tag="700" ind1="1" ind2=" ">
    <marc:subfield code="a">Mūsavī, Sayyid T̤ayyib Āg̲ẖā</marc:subfield>
    <marc:subfield code="6">04</marc:subfield>
  </marc:datafield>
  <marc:datafield tag="700" ind1="1" ind2=" ">
    <marc:subfield code="6">04</marc:subfield>
    <marc:subfield code="a">جزائري، طيب الموسوي.</marc:subfield>
  </marc:datafield>
  <marc:datafield tag="998" ind1=" " ind2=" ">
    <marc:subfield code="a">20000224</marc:subfield>
    <marc:subfield code="d">20000224</marc:subfield>
    <marc:subfield code="d">20041005</marc:subfield>
    <marc:subfield code="n">NNU</marc:subfield>
    <marc:subfield code="s">1</marc:subfield>
    <marc:subfield code="t">c</marc:subfield>
    <marc:subfield code="z">e</marc:subfield>
  </marc:datafield>
</marc:record>
